<record><leader>00000cas a22000007a 4500</leader><controlfield tag="001">17196383</controlfield><controlfield tag="008">871207d185618uumouuu ne      0    0eng d</controlfield><datafield ind1=" " ind2=" " tag="010"><subfield code="a">sn 90061838 </subfield></datafield><datafield ind1=" " ind2=" " tag="040"><subfield code="a">KCP</subfield><subfield code="b">eng</subfield><subfield code="c">KCP</subfield><subfield code="d">MQN</subfield><subfield code="d">OCLCQ</subfield></datafield><datafield ind1=" " ind2=" " tag="092"><subfield code="a">381</subfield><subfield code="b">M556</subfield></datafield><datafield ind1="0" ind2="0" tag="245"><subfield code="a">Merchants' exchange price-current.</subfield></datafield><datafield ind1=" " ind2=" " tag="260"><subfield code="a">Saint Louis, Mo :</subfield><subfield code="b">Thomas Rhodus</subfield></datafield><datafield ind1=" " ind2=" " tag="300"><subfield code="a">v. ;</subfield><subfield code="c">23 cm.</subfield></datafield><datafield ind1="1" ind2=" " tag="362"><subfield code="a">Began in 1856?</subfield></datafield><datafield ind1=" " ind2=" " tag="588"><subfield code="a">Description based on: Nov. 10, 1864.</subfield></datafield><datafield ind1=" " ind2=" " tag="752"><subfield code="a">United States</subfield><subfield code="b">Missouri</subfield><subfield code="d">Saint Louis.</subfield></datafield></record>